
<marc:record><marc:leader>03093ckm a2200457 i 4500</marc:leader>
<marc:controlfield tag="001">74635352</marc:controlfield>
<marc:controlfield tag="003">StEdNL</marc:controlfield><marc:controlfield tag="006">m        c f      </marc:controlfield><marc:controlfield tag="007">cr| nn||||||||</marc:controlfield><marc:controlfield tag="008">      m200u||||stk|||||o||c|#||||||</marc:controlfield><marc:datafield tag="040" ind1="0" ind2=" "><marc:subfield code="a">StEdNL</marc:subfield><marc:subfield code="b">eng</marc:subfield><marc:subfield code="e">rda</marc:subfield><marc:subfield code="b">StEdNL</marc:subfield></marc:datafield><marc:datafield tag="245" ind1="0" ind2=" "><marc:subfield code="a">Rosyth Castle, Fife, where Oliver Cromwell's mother was born.</marc:subfield></marc:datafield><marc:datafield tag="264" ind1="1" ind2=" "><marc:subfield code="a">Edinburgh : </marc:subfield><marc:subfield code="b">National Library of Scotland, </marc:subfield><marc:subfield code="c">2005.</marc:subfield></marc:datafield><marc:datafield tag="300" ind1=" " ind2=" "><marc:subfield code="a">1 online resource</marc:subfield></marc:datafield><marc:datafield tag="336" ind1=" " ind2=" "><marc:subfield code="a">still image</marc:subfield><marc:subfield code="b">sti</marc:subfield><marc:subfield code="2">rdacontent</marc:subfield></marc:datafield><marc:datafield tag="337" ind1=" " ind2=" "><marc:subfield code="a">computer</marc:subfield><marc:subfield code="b">c</marc:subfield><marc:subfield code="2">rdacarrier</marc:subfield></marc:datafield><marc:datafield tag="338" ind1=" " ind2=" "><marc:subfield code="a">online resource</marc:subfield><marc:subfield code="b">cr</marc:subfield><marc:subfield code="2">rdamedia</marc:subfield></marc:datafield><marc:datafield tag="347" ind1=" " ind2=" "><marc:subfield code="a">image file</marc:subfield><marc:subfield code="b">JPEG</marc:subfield><marc:subfield code="2">rda</marc:subfield></marc:datafield><marc:datafield tag="500" ind1=" " ind2=" "><marc:subfield code="a">Metadata context: metadata created as part of normal Library activities. Metadata created specifically for digitisation project.</marc:subfield></marc:datafield><marc:datafield tag="520" ind1="0" ind2=" "><marc:subfield code="a">This drawing shows Rosyth Castle in Fife, which is located in the town's navy dockyards by the River Forth. The anonymous drawing of the castle was made in 1784, and appeared in volume I of Captain Francis Grose's book, 'The Antiquities of Scotland', which was published in 1791. Rosyth Castle was built sometime during the thirteenth century, and is closely associated with two of Scotland's most famous families, the Stewarts and the Wardlaws. As the drawing's title indicates, Rosyth Castle is most famous as being the birthplace of Elizabeth Cromwell, the mother of Oliver, in or around 1564..</marc:subfield></marc:datafield><marc:datafield tag="534" ind1=" " ind2=" "><marc:subfield code="p">Electronic reproduction of:</marc:subfield><marc:subfield code="t">Rosyth Castle, Fife, where Oliver Cromwell's mother was born.</marc:subfield><marc:subfield code="e">1 item ; 26.50 x 37.00 cm.</marc:subfield></marc:datafield><marc:datafield tag="540" ind1=" " ind2=" "><marc:subfield code="a">Available under Creative Commons license; Attribution</marc:subfield><marc:subfield code="u">https://creativecommons.org/licenses/by/4.0/</marc:subfield></marc:datafield><marc:datafield tag="600" ind1="1" ind2="0"><marc:subfield code="a">Cromwell, Oliver, 1599-1658</marc:subfield><marc:subfield code="e">Subject of text.</marc:subfield></marc:datafield><marc:datafield tag="600" ind1="1" ind2="0"><marc:subfield code="a">Cromwell, Elizabeth, 1564 or 5-1654</marc:subfield><marc:subfield code="e">Subject of text.</marc:subfield></marc:datafield><marc:datafield tag="650" ind1="0" ind2="7"><marc:subfield code="a">Antiquities (object genre)</marc:subfield><marc:subfield code="2">AAT</marc:subfield></marc:datafield><marc:datafield tag="650" ind1="0" ind2="7"><marc:subfield code="a">Scottish</marc:subfield><marc:subfield code="2">AAT</marc:subfield></marc:datafield><marc:datafield tag="650" ind1="0" ind2="7"><marc:subfield code="a">Castles (fortifications)</marc:subfield><marc:subfield code="2">AAT</marc:subfield></marc:datafield><marc:datafield tag="651" ind1=" " ind2="7"><marc:subfield code="a">Europe, United Kingdom, Scotland, Aberdeen, Aberdeen (inhabited place)</marc:subfield><marc:subfield code="e">Place written, created, manufactured, produced, taken (of photographs), etc</marc:subfield><marc:subfield code="2">TGN</marc:subfield></marc:datafield><marc:datafield tag="651" ind1=" " ind2="7"><marc:subfield code="a">Europe, United Kingdom, Scotland, Fife (unitary authority)</marc:subfield><marc:subfield code="e">Place depicted</marc:subfield><marc:subfield code="2">TGN</marc:subfield></marc:datafield><marc:datafield tag="651" ind1=" " ind2="7"><marc:subfield code="a">Europe, United Kingdom, Scotland, Fife, Rosyth (inhabited place)</marc:subfield><marc:subfield code="e">Place written, created, manufactured, produced, taken (of photographs), etc</marc:subfield><marc:subfield code="2">TGN</marc:subfield></marc:datafield><marc:datafield tag="700" ind1="1" ind2=" "><marc:subfield code="a">Hutton, George Henry, -1827</marc:subfield><marc:subfield code="e">Compiler.</marc:subfield></marc:datafield><marc:datafield tag="700" ind1="1" ind2=" "><marc:subfield code="a">Hutton, George Henry, -1827</marc:subfield><marc:subfield code="e">Former owner.</marc:subfield></marc:datafield><marc:datafield tag="700" ind1="1" ind2=" "><marc:subfield code="a">Grose, Francis, 1731?-1791</marc:subfield><marc:subfield code="e">Associated name.</marc:subfield></marc:datafield><marc:datafield tag="856" ind1="4" ind2="0"><marc:subfield code="u">http://digital.nls.uk/74635352</marc:subfield><marc:subfield code="z">Digital Version</marc:subfield></marc:datafield><marc:datafield tag="859" ind1="4" ind2="0"><marc:subfield code="u">http://deriv.nls.uk/dcn17/7441/74419649.17.jpg</marc:subfield><marc:subfield code="x">400 pixels wide image</marc:subfield></marc:datafield><marc:datafield tag="859" ind1="4" ind2="0"><marc:subfield code="u">http://deriv.nls.uk/dcn18/7441/74419649.18.jpg</marc:subfield><marc:subfield code="x">500 pixels wide image</marc:subfield></marc:datafield><marc:datafield tag="859" ind1="4" ind2="0"><marc:subfield code="u">http://deriv.nls.uk/dcn19/7441/74419649.19.jpg</marc:subfield><marc:subfield code="x">100 pixels wide image</marc:subfield></marc:datafield><marc:datafield tag="859" ind1="4" ind2="0"><marc:subfield code="u">http://deriv.nls.uk/dcn20/7441/74419649.20.jpg</marc:subfield><marc:subfield code="x">70 pixels wide image</marc:subfield></marc:datafield><marc:datafield tag="859" ind1="4" ind2="0"><marc:subfield code="u">http://deriv.nls.uk/dcn30/7441/74419649.30.jpg</marc:subfield><marc:subfield code="x">1000 pixels wide image</marc:subfield></marc:datafield><marc:datafield tag="859" ind1="4" ind2="0"><marc:subfield code="u">http://deriv.nls.uk/dcn3/7441/74419649.3.jpg</marc:subfield><marc:subfield code="x">600 pixels wide image</marc:subfield></marc:datafield><marc:datafield tag="859" ind1="4" ind2="0"><marc:subfield code="u">http://deriv.nls.uk/dcn4/7441/74419649.4.jpg</marc:subfield><marc:subfield code="x">150 pixels wide image</marc:subfield></marc:datafield></marc:record>