
<marc:record><marc:leader>03192ckm a2200457 i 4500</marc:leader>
<marc:controlfield tag="001">74635410</marc:controlfield>
<marc:controlfield tag="003">StEdNL</marc:controlfield><marc:controlfield tag="006">m        c f      </marc:controlfield><marc:controlfield tag="007">cr| nn||||||||</marc:controlfield><marc:controlfield tag="008">      m200u||||stk|||||o||c|#||||||</marc:controlfield><marc:datafield tag="040" ind1="0" ind2=" "><marc:subfield code="a">StEdNL</marc:subfield><marc:subfield code="b">eng</marc:subfield><marc:subfield code="e">rda</marc:subfield><marc:subfield code="b">StEdNL</marc:subfield></marc:datafield><marc:datafield tag="245" ind1="0" ind2=" "><marc:subfield code="a">Terregles Church, Galloway, May [1st] 1789.</marc:subfield></marc:datafield><marc:datafield tag="264" ind1="1" ind2=" "><marc:subfield code="a">Edinburgh : </marc:subfield><marc:subfield code="b">National Library of Scotland, </marc:subfield><marc:subfield code="c">2005.</marc:subfield></marc:datafield><marc:datafield tag="300" ind1=" " ind2=" "><marc:subfield code="a">1 online resource</marc:subfield></marc:datafield><marc:datafield tag="336" ind1=" " ind2=" "><marc:subfield code="a">still image</marc:subfield><marc:subfield code="b">sti</marc:subfield><marc:subfield code="2">rdacontent</marc:subfield></marc:datafield><marc:datafield tag="337" ind1=" " ind2=" "><marc:subfield code="a">computer</marc:subfield><marc:subfield code="b">c</marc:subfield><marc:subfield code="2">rdacarrier</marc:subfield></marc:datafield><marc:datafield tag="338" ind1=" " ind2=" "><marc:subfield code="a">online resource</marc:subfield><marc:subfield code="b">cr</marc:subfield><marc:subfield code="2">rdamedia</marc:subfield></marc:datafield><marc:datafield tag="347" ind1=" " ind2=" "><marc:subfield code="a">image file</marc:subfield><marc:subfield code="b">JPEG</marc:subfield><marc:subfield code="2">rda</marc:subfield></marc:datafield><marc:datafield tag="500" ind1=" " ind2=" "><marc:subfield code="a">Metadata context: metadata created as part of normal Library activities. Metadata created specifically for digitisation project.</marc:subfield></marc:datafield><marc:datafield tag="520" ind1="0" ind2=" "><marc:subfield code="a">This sketch depicts Terregles Church (alternative name, Terregles Queir) and its graveyard, which is located two miles north-west of Dumfries. Although the name of the artist has not been included on the drawing, it is quite likely to have been George Hutton himself. The parish church at Terregles is especially associated with Lady Agnes Herries, whose burial aisle became part of the church building itself in 1588. The churchyard at Terregles contains many monuments from the seventeenth and eighteenth centuries, and has links with a famous statue of John of Holywood, who was a famous mathematician, astronomer and theologian during the early-thirteenth century. The Hutton Collection contains two drawings of this statue..</marc:subfield></marc:datafield><marc:datafield tag="534" ind1=" " ind2=" "><marc:subfield code="p">Electronic reproduction of:</marc:subfield><marc:subfield code="t">Terregles Church, Galloway, May [1st] 1789.</marc:subfield><marc:subfield code="e">1 item ; 22.00 x 31.50 cm.</marc:subfield></marc:datafield><marc:datafield tag="540" ind1=" " ind2=" "><marc:subfield code="a">Available under Creative Commons license; Attribution</marc:subfield><marc:subfield code="u">https://creativecommons.org/licenses/by/4.0/</marc:subfield></marc:datafield><marc:datafield tag="600" ind1="1" ind2="0"><marc:subfield code="a">Terregles Church (Terregles, Scotland)</marc:subfield><marc:subfield code="e">Depicted.</marc:subfield></marc:datafield><marc:datafield tag="650" ind1="0" ind2="7"><marc:subfield code="a">Antiquities (object genre)</marc:subfield><marc:subfield code="2">AAT</marc:subfield></marc:datafield><marc:datafield tag="650" ind1="0" ind2="7"><marc:subfield code="a">Scottish</marc:subfield><marc:subfield code="2">AAT</marc:subfield></marc:datafield><marc:datafield tag="650" ind1="0" ind2="7"><marc:subfield code="a">Churches (buildings)</marc:subfield><marc:subfield code="2">AAT</marc:subfield></marc:datafield><marc:datafield tag="650" ind1="0" ind2="7"><marc:subfield code="a">Graveyards</marc:subfield><marc:subfield code="2">AAT</marc:subfield></marc:datafield><marc:datafield tag="651" ind1=" " ind2="7"><marc:subfield code="a">Europe, United Kingdom, Scotland, Dumfries and Galloway, Nithsdale (valley)</marc:subfield><marc:subfield code="e">Place written, created, manufactured, produced, taken (of photographs), etc</marc:subfield><marc:subfield code="2">TGN</marc:subfield></marc:datafield><marc:datafield tag="651" ind1=" " ind2="7"><marc:subfield code="a">Europe, United Kingdom, Scotland, Aberdeen, Aberdeen (inhabited place)</marc:subfield><marc:subfield code="e">Place written, created, manufactured, produced, taken (of photographs), etc</marc:subfield><marc:subfield code="2">TGN</marc:subfield></marc:datafield><marc:datafield tag="651" ind1=" " ind2="7"><marc:subfield code="a">Europe, United Kingdom, Scotland, Dumfries and Galloway, Kirkcudbright (general region)</marc:subfield><marc:subfield code="e">Place depicted</marc:subfield><marc:subfield code="2">TGN</marc:subfield></marc:datafield><marc:datafield tag="700" ind1="1" ind2=" "><marc:subfield code="a">Hutton, George Henry, -1827</marc:subfield><marc:subfield code="e">Compiler.</marc:subfield></marc:datafield><marc:datafield tag="700" ind1="1" ind2=" "><marc:subfield code="a">Hutton, George Henry, -1827</marc:subfield><marc:subfield code="e">Former owner.</marc:subfield></marc:datafield><marc:datafield tag="700" ind1="1" ind2=" "><marc:subfield code="a">Hutton, George Henry, -1827</marc:subfield><marc:subfield code="e">Attributed name.</marc:subfield></marc:datafield><marc:datafield tag="856" ind1="4" ind2="0"><marc:subfield code="u">http://digital.nls.uk/74635410</marc:subfield><marc:subfield code="z">Digital Version</marc:subfield></marc:datafield><marc:datafield tag="859" ind1="4" ind2="0"><marc:subfield code="u">http://deriv.nls.uk/dcn17/7441/74419843.17.jpg</marc:subfield><marc:subfield code="x">400 pixels wide image</marc:subfield></marc:datafield><marc:datafield tag="859" ind1="4" ind2="0"><marc:subfield code="u">http://deriv.nls.uk/dcn18/7441/74419843.18.jpg</marc:subfield><marc:subfield code="x">500 pixels wide image</marc:subfield></marc:datafield><marc:datafield tag="859" ind1="4" ind2="0"><marc:subfield code="u">http://deriv.nls.uk/dcn19/7441/74419843.19.jpg</marc:subfield><marc:subfield code="x">100 pixels wide image</marc:subfield></marc:datafield><marc:datafield tag="859" ind1="4" ind2="0"><marc:subfield code="u">http://deriv.nls.uk/dcn20/7441/74419843.20.jpg</marc:subfield><marc:subfield code="x">70 pixels wide image</marc:subfield></marc:datafield><marc:datafield tag="859" ind1="4" ind2="0"><marc:subfield code="u">http://deriv.nls.uk/dcn30/7441/74419843.30.jpg</marc:subfield><marc:subfield code="x">1000 pixels wide image</marc:subfield></marc:datafield><marc:datafield tag="859" ind1="4" ind2="0"><marc:subfield code="u">http://deriv.nls.uk/dcn3/7441/74419843.3.jpg</marc:subfield><marc:subfield code="x">600 pixels wide image</marc:subfield></marc:datafield><marc:datafield tag="859" ind1="4" ind2="0"><marc:subfield code="u">http://deriv.nls.uk/dcn4/7441/74419843.4.jpg</marc:subfield><marc:subfield code="x">150 pixels wide image</marc:subfield></marc:datafield></marc:record>