
<marc:record><marc:leader>03259ckm a2200505 i 4500</marc:leader>
<marc:controlfield tag="001">74635480</marc:controlfield>
<marc:controlfield tag="003">StEdNL</marc:controlfield><marc:controlfield tag="006">m        c f      </marc:controlfield><marc:controlfield tag="007">cr| nn||||||||</marc:controlfield><marc:controlfield tag="008">      m200u||||stk|||||o||c|#||||||</marc:controlfield><marc:datafield tag="040" ind1="0" ind2=" "><marc:subfield code="a">StEdNL</marc:subfield><marc:subfield code="b">eng</marc:subfield><marc:subfield code="e">rda</marc:subfield><marc:subfield code="b">StEdNL</marc:subfield></marc:datafield><marc:datafield tag="245" ind1="0" ind2=" "><marc:subfield code="a">Slight Sketch of Pluscardin Priory from the North West.</marc:subfield></marc:datafield><marc:datafield tag="264" ind1="1" ind2=" "><marc:subfield code="a">Edinburgh : </marc:subfield><marc:subfield code="b">National Library of Scotland, </marc:subfield><marc:subfield code="c">2005.</marc:subfield></marc:datafield><marc:datafield tag="300" ind1=" " ind2=" "><marc:subfield code="a">1 online resource</marc:subfield></marc:datafield><marc:datafield tag="336" ind1=" " ind2=" "><marc:subfield code="a">still image</marc:subfield><marc:subfield code="b">sti</marc:subfield><marc:subfield code="2">rdacontent</marc:subfield></marc:datafield><marc:datafield tag="337" ind1=" " ind2=" "><marc:subfield code="a">computer</marc:subfield><marc:subfield code="b">c</marc:subfield><marc:subfield code="2">rdacarrier</marc:subfield></marc:datafield><marc:datafield tag="338" ind1=" " ind2=" "><marc:subfield code="a">online resource</marc:subfield><marc:subfield code="b">cr</marc:subfield><marc:subfield code="2">rdamedia</marc:subfield></marc:datafield><marc:datafield tag="347" ind1=" " ind2=" "><marc:subfield code="a">image file</marc:subfield><marc:subfield code="b">JPEG</marc:subfield><marc:subfield code="2">rda</marc:subfield></marc:datafield><marc:datafield tag="500" ind1=" " ind2=" "><marc:subfield code="a">Metadata context: metadata created as part of normal Library activities. Metadata created specifically for digitisation project.</marc:subfield></marc:datafield><marc:datafield tag="520" ind1="0" ind2=" "><marc:subfield code="a">This is a drawing of the north-west view of Pluscarden Priory, Moray. A note explains how the original drawing was the work of James Gilliespie and the Earl of Fife was the keeper. The note, however, does not clarify who completed this copy, but it is dated 1815. We know more about Pluscarden Priory's garden than the establishment itself. Monastic houses, as medieval centres of learning, were closely associated with medicine and horticulture. As such, they kept wide-ranging and often exotic herb and pleasure gardens. All three of the Valliscaulian establishments founded in Scotland enjoyed an impressive reputation for the quality of their garden enclosures..</marc:subfield></marc:datafield><marc:datafield tag="534" ind1=" " ind2=" "><marc:subfield code="p">Electronic reproduction of:</marc:subfield><marc:subfield code="t">Slight Sketch of Pluscardin Priory from the North West.</marc:subfield><marc:subfield code="e">1 item ; 19.70 x 24.80 cm.</marc:subfield></marc:datafield><marc:datafield tag="540" ind1=" " ind2=" "><marc:subfield code="a">Available under Creative Commons license; Attribution</marc:subfield><marc:subfield code="u">https://creativecommons.org/licenses/by/4.0/</marc:subfield></marc:datafield><marc:datafield tag="600" ind1="1" ind2="0"><marc:subfield code="a">Pluscarden Priory (Elgin, Scotland)</marc:subfield><marc:subfield code="e">Depicted.</marc:subfield></marc:datafield><marc:datafield tag="650" ind1="0" ind2="7"><marc:subfield code="a">Antiquities (object genre)</marc:subfield><marc:subfield code="2">AAT</marc:subfield></marc:datafield><marc:datafield tag="650" ind1="0" ind2="7"><marc:subfield code="a">Scottish</marc:subfield><marc:subfield code="2">AAT</marc:subfield></marc:datafield><marc:datafield tag="650" ind1="0" ind2="7"><marc:subfield code="a">Copies (derivative objects)</marc:subfield><marc:subfield code="2">AAT</marc:subfield></marc:datafield><marc:datafield tag="650" ind1="0" ind2="7"><marc:subfield code="a">Drawings (visual works)</marc:subfield><marc:subfield code="2">AAT</marc:subfield></marc:datafield><marc:datafield tag="650" ind1="0" ind2="7"><marc:subfield code="a">Priories</marc:subfield><marc:subfield code="2">AAT</marc:subfield></marc:datafield><marc:datafield tag="650" ind1="0" ind2="7"><marc:subfield code="a">Views (visual works)</marc:subfield><marc:subfield code="2">AAT</marc:subfield></marc:datafield><marc:datafield tag="650" ind1="0" ind2="7"><marc:subfield code="a">Northwest</marc:subfield><marc:subfield code="2">AAT</marc:subfield></marc:datafield><marc:datafield tag="650" ind1="0" ind2="7"><marc:subfield code="a">Ruins</marc:subfield><marc:subfield code="2">AAT</marc:subfield></marc:datafield><marc:datafield tag="651" ind1=" " ind2="7"><marc:subfield code="a">Europe, United Kingdom, Scotland, Moray, Elgin (inhabited place)</marc:subfield><marc:subfield code="e">Place written, created, manufactured, produced, taken (of photographs), etc</marc:subfield><marc:subfield code="2">TGN</marc:subfield></marc:datafield><marc:datafield tag="651" ind1=" " ind2="7"><marc:subfield code="a">Europe, United Kingdom, Scotland, Aberdeen, Aberdeen (inhabited place)</marc:subfield><marc:subfield code="e">Place written, created, manufactured, produced, taken (of photographs), etc</marc:subfield><marc:subfield code="2">TGN</marc:subfield></marc:datafield><marc:datafield tag="651" ind1=" " ind2="7"><marc:subfield code="a">Europe, United Kingdom, Scotland, Moray (unitary authority)</marc:subfield><marc:subfield code="e">Place depicted</marc:subfield><marc:subfield code="2">TGN</marc:subfield></marc:datafield><marc:datafield tag="700" ind1="1" ind2=" "><marc:subfield code="a">Graham, James Gillespie, 1776-1855</marc:subfield><marc:subfield code="e">Artist.</marc:subfield></marc:datafield><marc:datafield tag="700" ind1="1" ind2=" "><marc:subfield code="a">Hutton, George Henry, -1827</marc:subfield><marc:subfield code="e">Compiler.</marc:subfield></marc:datafield><marc:datafield tag="700" ind1="1" ind2=" "><marc:subfield code="a">Hutton, George Henry, -1827</marc:subfield><marc:subfield code="e">Former owner.</marc:subfield></marc:datafield><marc:datafield tag="856" ind1="4" ind2="0"><marc:subfield code="u">http://digital.nls.uk/74635480</marc:subfield><marc:subfield code="z">Digital Version</marc:subfield></marc:datafield><marc:datafield tag="859" ind1="4" ind2="0"><marc:subfield code="u">http://deriv.nls.uk/dcn17/7441/74419576.17.jpg</marc:subfield><marc:subfield code="x">400 pixels wide image</marc:subfield></marc:datafield><marc:datafield tag="859" ind1="4" ind2="0"><marc:subfield code="u">http://deriv.nls.uk/dcn18/7441/74419576.18.jpg</marc:subfield><marc:subfield code="x">500 pixels wide image</marc:subfield></marc:datafield><marc:datafield tag="859" ind1="4" ind2="0"><marc:subfield code="u">http://deriv.nls.uk/dcn19/7441/74419576.19.jpg</marc:subfield><marc:subfield code="x">100 pixels wide image</marc:subfield></marc:datafield><marc:datafield tag="859" ind1="4" ind2="0"><marc:subfield code="u">http://deriv.nls.uk/dcn20/7441/74419576.20.jpg</marc:subfield><marc:subfield code="x">70 pixels wide image</marc:subfield></marc:datafield><marc:datafield tag="859" ind1="4" ind2="0"><marc:subfield code="u">http://deriv.nls.uk/dcn30/7441/74419576.30.jpg</marc:subfield><marc:subfield code="x">1000 pixels wide image</marc:subfield></marc:datafield><marc:datafield tag="859" ind1="4" ind2="0"><marc:subfield code="u">http://deriv.nls.uk/dcn3/7441/74419576.3.jpg</marc:subfield><marc:subfield code="x">600 pixels wide image</marc:subfield></marc:datafield><marc:datafield tag="859" ind1="4" ind2="0"><marc:subfield code="u">http://deriv.nls.uk/dcn4/7441/74419576.4.jpg</marc:subfield><marc:subfield code="x">150 pixels wide image</marc:subfield></marc:datafield></marc:record>